% Ejemplo de referencia con Online
@online{SpanishStopWords,
    author = { Mauricio Matias C.},
    title = {stop-words},
    year = {2022},
    url = {https://github.com/Alir3z4/stop-words/blob/master/spanish.txt},
    urldate = {2024-30-10}
}
